<?xml version="1.0" encoding="UTF-8"?>
<collection xmlns:xsi="http://www.w3.org/2001/XMLSchema-instance" xsi:schemaLocation="http://www.loc.gov/MARC21/slim http://www.loc.gov/standards/marcxml/schema/MARC21slim.xsd" xmlns="http://www.loc.gov/MARC21/slim">
<record>
  <leader>02041cam a2200361 a 4500</leader>
  <controlfield tag="001">4271891</controlfield>
  <controlfield tag="003">NNC</controlfield>
  <controlfield tag="005">20151221160701.0</controlfield>
  <controlfield tag="008">890908s1966    iq            000 0 arar </controlfield>
  <datafield tag="010" ind1=" " ind2=" ">
    <subfield code="a">ne 67000446 </subfield>
  </datafield>
  <datafield tag="035" ind1=" " ind2=" ">
    <subfield code="a">(OCoLC)23482479</subfield>
  </datafield>
  <datafield tag="035" ind1=" " ind2=" ">
    <subfield code="a">(OCoLC)ocm23482479</subfield>
  </datafield>
  <datafield tag="035" ind1=" " ind2=" ">
    <subfield code="a">(NNC)4271891</subfield>
  </datafield>
  <datafield tag="035" ind1=" " ind2=" ">
    <subfield code="a">4271891</subfield>
  </datafield>
  <datafield tag="040" ind1=" " ind2=" ">
    <subfield code="a">DLC</subfield>
    <subfield code="c">MiU</subfield>
    <subfield code="d">MH</subfield>
    <subfield code="d">CStRLIN</subfield>
    <subfield code="d">UkMaJRU</subfield>
  </datafield>
  <datafield tag="066" ind1=" " ind2=" ">
    <subfield code="c">(3</subfield>
  </datafield>
  <datafield tag="100" ind1="1" ind2=" ">
    <subfield code="6">880-01</subfield>
    <subfield code="a">ʻUmarī, Yāsīn ibn Khayr Allāh al-Khaṭīb,</subfield>
    <subfield code="d">1745 or 1746-1811.</subfield>
  </datafield>
  <datafield tag="245" ind1="1" ind2="0">
    <subfield code="6">880-02</subfield>
    <subfield code="a">Muhadhdhab al-Rawḍah al-fayḥāʾ fī tawārikh al-nisā /</subfield>
    <subfield code="c">taʾlīf Yāsīn ibn Khayr Allāh al-ʻUmarī. Taḥqīq Rajāʾ Maḥmūd al-Sāmarrāʾī.</subfield>
  </datafield>
  <datafield tag="260" ind1=" " ind2=" ">
    <subfield code="6">880-03</subfield>
    <subfield code="a">Baghdād :</subfield>
    <subfield code="b">Dār al-Jumhūrīyah,</subfield>
    <subfield code="c">1966</subfield>
  </datafield>
  <datafield tag="300" ind1=" " ind2=" ">
    <subfield code="a">366 p. :</subfield>
    <subfield code="b">facsims. ;</subfield>
    <subfield code="c">25 cm.</subfield>
  </datafield>
  <datafield tag="490" ind1="1" ind2=" ">
    <subfield code="6">880-04</subfield>
    <subfield code="a">Wizārat al-thaqāfah wa-al-irshād, mudīrīyat al-thaqāfah al- ʻāmmah, silsilat al-kutub al-turāth ;</subfield>
    <subfield code="v">3</subfield>
  </datafield>
  <datafield tag="504" ind1=" " ind2=" ">
    <subfield code="a">Includes bibliographical references: (p. 350-357).</subfield>
  </datafield>
  <datafield tag="650" ind1=" " ind2="0">
    <subfield code="a">Muslim women.</subfield>
  </datafield>
  <datafield tag="700" ind1="1" ind2=" ">
    <subfield code="6">880-05</subfield>
    <subfield code="a">Sāmarrāʼī, Rajāʼ Maḥmūd.</subfield>
  </datafield>
  <datafield tag="830" ind1=" " ind2="0">
    <subfield code="6">880-06</subfield>
    <subfield code="a">Wizārat al-thaqāfah wa-al-irshād, mudīrīyat al-thaqāfah al- ʻāmmah, silsilat al-kutub al-turāth ;</subfield>
    <subfield code="v">3.</subfield>
  </datafield>
  <datafield tag="880" ind1="1" ind2=" ">
    <subfield code="6">100-01/(3/r</subfield>
    <subfield code="a">عمري، ياسين بن خير الله الخطيب,</subfield>
    <subfield code="d">1745 or 1746-1811.</subfield>
  </datafield>
  <datafield tag="880" ind1="1" ind2="0">
    <subfield code="6">245-02/(3/r</subfield>
    <subfield code="a">مهذب الروضة الفيحاء في تواريخ النساء /</subfield>
    <subfield code="c">تأليف ياسين بن خير الله العمري ؛ تحقيق رجاء محمود السامرائي.</subfield>
  </datafield>
  <datafield tag="880" ind1=" " ind2=" ">
    <subfield code="6">260-03/(3/r</subfield>
    <subfield code="a">بغداد :</subfield>
    <subfield code="b">دار الجمهورية،</subfield>
    <subfield code="c">١٩٦٦.</subfield>
  </datafield>
  <datafield tag="880" ind1="1" ind2=" ">
    <subfield code="6">490-04/(3/r</subfield>
    <subfield code="a">وزارة الثقافة و الإرشاد، مديرية الثقافة العامة، سلسلة كتب التراث ؛</subfield>
    <subfield code="v">٣</subfield>
  </datafield>
  <datafield tag="880" ind1="1" ind2=" ">
    <subfield code="6">700-05/(3/r</subfield>
    <subfield code="a">سامرائي، رجاء محمود.</subfield>
  </datafield>
  <datafield tag="880" ind1=" " ind2="0">
    <subfield code="6">830-06/(3/r</subfield>
    <subfield code="a">وزارة الثقافة و الإرشاد، مديرية الثقافة العامة، سلسلة كتب التراث ؛</subfield>
    <subfield code="v">٣</subfield>
  </datafield>
  <datafield tag="955" ind1=" " ind2=" ">
    <subfield code="b">0051711028</subfield>
    <subfield code="d">glx</subfield>
    <subfield code="e">956 Ir32 no.2-3</subfield>
  </datafield>
</record>
</collection>